<record><leader>00000cas a22000007a 4500</leader><controlfield tag="001">19376954</controlfield><controlfield tag="008">890316d19781991couwr ne      0    0eng d</controlfield><datafield ind1=" " ind2=" " tag="010"><subfield code="a">sn 89052027 </subfield></datafield><datafield ind1=" " ind2=" " tag="040"><subfield code="a">CNQ</subfield><subfield code="b">eng</subfield><subfield code="c">CNQ</subfield><subfield code="d">OCLCQ</subfield></datafield><datafield ind1=" " ind2=" " tag="042"><subfield code="a">msc</subfield></datafield><datafield ind1="0" ind2="0" tag="245"><subfield code="a">Westminster window.</subfield></datafield><datafield ind1=" " ind2=" " tag="260"><subfield code="a">Westminster, Colo. :</subfield><subfield code="b">North Suburban Print. and Pub.</subfield></datafield><datafield ind1=" " ind2=" " tag="300"><subfield code="a">v.</subfield></datafield><datafield ind1=" " ind2=" " tag="310"><subfield code="a">Weekly</subfield></datafield><datafield ind1="0" ind2=" " tag="362"><subfield code="a">Vol. 1, no. 1 (Jan. 13, 1978)-v. 14, no. 30 (Aug. 1, 1991).</subfield></datafield><datafield ind1=" " ind2=" " tag="530"><subfield code="a">Available on microfilm from the Colorado Historical Society.</subfield></datafield><datafield ind1=" " ind2=" " tag="752"><subfield code="a">United States</subfield><subfield code="b">Colorado</subfield><subfield code="c">Adams</subfield><subfield code="d">Westminster.</subfield></datafield><datafield ind1="0" ind2="7" tag="785"><subfield code="t">Westminster sentinel</subfield><subfield code="w">(DLC)sn 89052026</subfield></datafield><datafield ind1="0" ind2="7" tag="785"><subfield code="t">Westminster window and Westminster sentinel</subfield><subfield code="w">(DLC)sn 91052626</subfield></datafield></record>